@article{hurvich1989regression,
title={Regression and time series model selection in small samples},
author={Hurvich, Clifford M and Tsai, Chih-Ling},
journal={Biometrika},
volume={76},
number={2},
pages={297--307},
year={1989},
publisher={Oxford University Press}
}

@incollection{akaike1998information,
  title={Information theory and an extension of the maximum likelihood principle},
  author={Akaike, Hirotogu},
  booktitle={Selected papers of hirotugu akaike},
  pages={199--213},
  year={1998},
  publisher={Springer}
}

@article{hannan1979determination,
  title={The determination of the order of an autoregression},
  author={Hannan, Edward J and Quinn, Barry G},
  journal={Journal of the Royal Statistical Society: Series B (Methodological)},
  volume={41},
  number={2},
  pages={190--195},
  year={1979},
  publisher={Wiley Online Library}
}

@article{shibata1980asymptotically,
  title={Asymptotically efficient selection of the order of the model for estimating parameters of a linear process},
  author={Shibata, Ritei},
  journal={The annals of statistics},
  pages={147--164},
  year={1980},
  publisher={JSTOR}
}

@article{bhansali1986asymptotically,
  title={Asymptotically efficient selection of the order by the criterion autoregressive transfer function},
  author={Bhansali, RJ},
  journal={The Annals of Statistics},
  pages={315--325},
  year={1986},
  publisher={JSTOR}
}

@article{akaike1970statistical,
  title={Statistical predictor identification},
  author={Akaike, Hirotugu},
  journal={Annals of the institute of Statistical Mathematics},
  volume={22},
  number={1},
  pages={203--217},
  year={1970},
  publisher={Springer}
}

@article{bhansali1977some,
  title={Some properties of the order of an autoregressive model selected by a generalization of Akaikeâˆ˜ s EPF criterion},
  author={Bhansali, Rajendra J and Downham, David Y},
  journal={Biometrika},
  volume={64},
  number={3},
  pages={547--551},
  year={1977},
  publisher={Oxford University Press}
}

@article{schwarz1978estimating,
  title={Estimating the dimension of a model},
  author={Schwarz, Gideon},
  journal={The annals of statistics},
  pages={461--464},
  year={1978},
  publisher={JSTOR}
}

@book{priestley1981spectral,
  title={Spectral analysis and time series: Univariate series},
  author={Priestley, Maurice Bertram},
  volume={1},
  year={1981},
  publisher={Academic press}
}

@article{allen1974relationship,
  title={The relationship between variable selection and data agumentation and a method for prediction},
  author={Allen, David M},
  journal={technometrics},
  volume={16},
  number={1},
  pages={125--127},
  year={1974},
  publisher={Taylor \& Francis}
}

@article{mallows2000some,
  title={Some comments on Cp},
  author={Mallows, Colin L},
  journal={Technometrics},
  volume={42},
  number={1},
  pages={87--94},
  year={2000},
  publisher={Taylor \& Francis}
}



