@article{hurvich1989regression,
  title={Regression and time series model selection in small samples},
  author={Hurvich, Clifford M and Tsai, Chih-Ling},
  journal={Biometrika},
  volume={76},
  number={2},
  pages={297--307},
  year={1989},
  publisher={Oxford University Press}
}

@article{chakrabarti2011aic,
  title={AIC, BIC and recent advances in model selection},
  author={Chakrabarti, Arijit and Ghosh, Jayanta K},
  journal={Philosophy of statistics},
  pages={583--605},
  year={2011},
  publisher={Elsevier}
}

@article{chakrabarti2011aic,
  title={AIC, BIC and recent advances in model selection},
  author={Chakrabarti, Arijit and Ghosh, Jayanta K},
  journal={Philosophy of statistics},
  pages={583--605},
  year={2011},
  publisher={Elsevier}
}

@misc{linhart1977model,
  title={Model Selection, New York: John Willey \& Sons},
  author={Linhart, H and Zucchini, W},
  year={1977},
  publisher={Inc}
}
@book{seber2012linear,
  title={Linear regression analysis},
  author={Seber, George AF and Lee, Alan J},
  year={2012},
  publisher={John Wiley \& Sons}
}

@article{hannan1979determination,
  title={The determination of the order of an autoregression},
  author={Hannan, Edward J and Quinn, Barry G},
  journal={Journal of the Royal Statistical Society: Series B (Methodological)},
  volume={41},
  number={2},
  pages={190--195},
  year={1979},
  publisher={Wiley Online Library}
}

@article{akaike1970statistical,
  title={Statistical predictor identification},
  author={Akaike, Hirotugu},
  journal={Annals of the institute of Statistical Mathematics},
  volume={22},
  number={1},
  pages={203--217},
  year={1970},
  publisher={Springer}
}